% ------------------------------------------------------------------------
% SAMPLE BIBLIOGRAPHY FILE
% ------------------------------------------------------------------------
@book{rasmussen2006gaussian,
  title={Gaussian processes for machine learning},
  author={Rasmussen, Carl Edward and Williams, Christopher KI},
  year={2006},
  publisher={MIT press Cambridge, MA}
}

@book{scholkopf2001learning,
  title={Learning with kernels: support vector machines, regularization, optimization, and beyond},
  author={Sch\"olkopf, Bernhard and Smola, Alexander J},
  year={2001},
  publisher={MIT press}
}

@book{goodfellow2016deep,
  title={Deep learning},
  author={Goodfellow, Ian and Bengio, Yoshua and Courville, Aaron},
  year={2016},
  publisher={MIT press}
}

@article{bengio2013representation,
  title={Representation learning: A review and new perspectives},
  author={Bengio, Yoshua and Courville, Aaron and Vincent, Pascal},
  journal={IEEE transactions on pattern analysis and machine intelligence},
  volume={35},
  number={8},
  pages={1798--1828},
  year={2013},
  publisher={IEEE}
}


% ------------------------------------------------------------------------
% Causality paper
% ------------------------------------------------------------------------

@inproceedings{chalupka2015visual,
  title={Visual causal feature learning},
  author={Chalupka, Krzysztof and Perona, Pietro and Eberhardt, Frederick},
  booktitle={Proceedings of the Thirty-First Conference on Uncertainty in Artificial Intelligence},
  pages={181--190},
  year={2015},
  organization={AUAI Press}
}

@inproceedings{chalupka2016multi,
  title={Multi-level cause-effect systems},
  author={Chalupka, Krzysztof and Perona, Pietro and Eberhardt, Frederick},
  booktitle={The 19th International Conference on Artificial Intelligence and Statistics.},
  year={2016}
}

@article{hoel2013quantifying,
  title={Quantifying causal emergence shows that macro can beat micro},
  author={Hoel, Erik P and Albantakis, Larissa and Tononi, Giulio},
  journal={Proceedings of the National Academy of Sciences},
  volume={110},
  number={49},
  pages={19790--19795},
  year={2013},
  publisher={National Acad Sciences}
}

@book{spirtes2000causation,
  title={Causation, prediction, and search},
  author={Spirtes, Peter and Glymour, Clark N and Scheines, Richard},
  year={2000},
  publisher={MIT press}
}

@article{spirtes2004causal,
  title={Causal inference of ambiguous manipulations},
  author={Spirtes, Peter and Scheines, Richard},
  journal={Philosophy of Science},
  volume={71},
  number={5},
  pages={833--845},
  year={2004},
  publisher={The University of Chicago Press}
}

@article{eberhardt2016green,
  title={Green and grue causal variables},
  author={Eberhardt, Frederick},
  journal={Synthese},
  volume={193},
  number={4},
  pages={1029--1046},
  year={2016},
  publisher={Springer}
}

@book{lutkepohl2005new,
  title={{New Introduction to Multiple Time Series Analysis}},
  author={L{\"u}tkepohl, Helmut},
  year={2005},
  publisher={Springer Berlin Heidelberg}
}

@inproceedings{mooij2013ode,
  title = {{From Ordinary Differential Equations to Structural Causal Models: the deterministic case}},
  author = {Mooij, J. M. and Janzing, D. and Sch{\"o}lkopf, B.},
  booktitle = {Proceedings of the Twenty-Ninth Conference Annual Conference on Uncertainty in Artificial Intelligence},
  pages = {440-448},
  year = {2013}
}

@inproceedings{mooij2013cyclic,
  title = {Cyclic Causal Discovery from Continuous Equilibrium Data},
  author = {Mooij, J. M. and Heskes, T.},
  booktitle = {Proceedings of the Twenty-Ninth Conference Annual Conference on Uncertainty in Artificial Intelligence},
  year = {2013}
}

@inproceedings{lacerda2012discovering,
  title={Discovering cyclic causal models by independent components analysis},
  author={Lacerda, Gustavo and Spirtes, Peter L and Ramsey, Joseph and Hoyer, Patrik O},
  booktitle = {Proceedings of the Twenty-Fourth Conference Annual Conference on Uncertainty in Artificial Intelligence},
  year = {2008}
  }

@article{bongers2016structural,
  title={Structural Causal Models: Cycles, Marginalizations, Exogenous Reparametrizations and Reductions},
  author={Bongers, Stephan and Peters, Jonas and Sch{\"o}lkopf, Bernhard and Mooij, Joris M},
  journal={arXiv preprint arXiv:1611.06221},
  year={2016}
}

@book{pearl2009causality,
  title={Causality},
  author={Pearl, Judea},
  year={2009},
  publisher={Cambridge University Press}
}

@book{bollen2014structural,
  title={Structural equations with latent variables},
  author={Bollen, Kenneth A},
  year={2014},
  publisher={John Wiley \& Sons}
}

@article{iwasaki1994causality,
  title={Causality and model abstraction},
  author={Iwasaki, Yumi and Simon, Herbert A},
  journal={Artificial Intelligence},
  volume={67},
  number={1},
  pages={143--194},
  year={1994},
  publisher={Elsevier}
}

@book{kardar2007statistical,
  title={Statistical physics of particles},
  author={Kardar, Mehran},
  year={2007},
  publisher={Cambridge University Press}
}

@book{steinberg2011cholesterol,
	title={The Cholesterol Wars: The Skeptics vs the Preponderance of Evidence},
	author={Steinberg, Daniel},
	year={2011},
	publisher={Academic Press}
}

@book{truswell2010cholesterol,
	title={Cholesterol and beyond: the research on diet and coronary heart disease 1900-2000},
	author={Truswell, A Stewart},
	year={2010},
	publisher={Springer Science \& Business Media}
}

@article{hyttinen2012learning,
	title={Learning linear cyclic causal models with latent variables},
	author={Hyttinen, Antti and Eberhardt, Frederick and Hoyer, Patrik O},
	journal={Journal of Machine Learning Research},
	volume={13},
	number={Nov},
	pages={3387--3439},
	year={2012}
}

@inproceedings{Mooij_et_al_NIPS_11,
	author    = {Joris M. Mooij and Dominik Janzing and Tom Heskes and Bernhard Sch{\"o}lkopf},
	title     = {On Causal Discovery with Cyclic Additive Noise Models},
	booktitle = {{A}dvances in {N}eural {I}nformation {P}rocessing {S}ystems 24 ({NIPS}*2011)},
	editor    = {J. Shawe-Taylor and R.S. Zemel and P. Bartlett and F.C.N. Pereira and K.Q. Weinberger},
	pages     = {639--647},
	year      = {2011}
}

@Book{Balian,
  author = {Balian, R.},
  title = {From microphysics to macrophysics},
  publisher = {Springer},
  year = {1992}
}

@article{dash2001caveats,
	title={Caveats for causal reasoning with equilibrium models},
	author={Dash, Denver and Druzdzel, Marek J},
	journal={Lecture notes in computer science},
	pages={192--203},
	year={2001},
	publisher={Springer}
}

@article{simon1961aggregation,
	title={Aggregation of variables in dynamic systems},
	author={Simon, Herbert A and Ando, Albert},
	journal={Econometrica: journal of the Econometric Society},
	pages={111--138},
	year={1961},
	publisher={JSTOR}
}

@article{fisher1970correspondence,
	title={A correspondence principle for simultaneous equation models},
	author={Fisher, Franklin M},
	journal={Econometrica: Journal of the Econometric Society},
	pages={73--92},
	year={1970},
	publisher={JSTOR}
}

% ------------------------------------------------------------------------
